@book{stcf,
	series = {Modern probability and statistics},
	publisher = {VSP},
	isbn = {9067643076},
	year = {1999},
	title = {Selected topics in characteristic functions},
	language = {eng},
	address = {Utrecht},
	author = {Ushakov, N. G. (Nikolaĭ Georgievich)},
	keywords = {Characteristic functions},
}

@book{cfms,
	publisher = {Nova Science Publishers},
	isbn = {1560728604},
	year = {2000},
	title = {Characteristic functions and moment sequences : positive definiteness in probability},
	language = {eng},
	address = {Huntington, N.Y.},
	author = {Bisgaard, Torben Maack and Zoltán, Sasvári},
	keywords = {Characteristic functions},
	lccn = {2001267499},
}

@book{dcft,
	publisher = {Macmillan},
	year = {1983},
	title = {Developments in characteristic function theory},
	language = {eng},
	address = {New York},
	author = {Lukacs, Eugene},
	keywords = {Characteristic functions},
}

@book{aocf,
	series = {Griffin's statistical monographs & courses ; no. 14},
	publisher = {Hafner Pub. Co.},
	year = {1964},
	title = {Applications of characteristic functions},
	language = {eng},
	address = {New York},
	author = {Lukacs, Eugene},
	keywords = {Mathematical statistics},
}

@article{wolfram,
	title={Moment-generating function},
	author={Weisstein, Eric W},
	journal={sigma},
	volume={15},
	pages={16},
	year={2002}
}

@misc{ wiki:moment,
	author = "{Wikipedia contributors}",
	title = "Moment (mathematics) --- {Wikipedia}{,} The Free Encyclopedia",
	year = "2019",
	howpublished = "\url{https://en.wikipedia.org/w/index.php?title=Moment_(mathematics)&oldid=886051824}",
	note = "[Online; accessed 8-March-2019]"
}

@misc{ wiki:skewness,
	author = "{Wikipedia contributors}",
	title = "Skewness --- {Wikipedia}{,} The Free Encyclopedia",
	year = "2019",
	howpublished = "\url{https://en.wikipedia.org/w/index.php?title=Skewness&oldid=886052950}",
	note = "[Online; accessed 8-March-2019]"
}

@misc{ wiki:centralMoment,
	author = "{Wikipedia contributors}",
	title = "Central moment --- {Wikipedia}{,} The Free Encyclopedia",
	year = "2018",
	howpublished = "\url{https://en.wikipedia.org/w/index.php?title=Central_moment&oldid=866322488}",
	note = "[Online; accessed 8-March-2019]"
}

@book{psi,
	isbn = {0321923278},
	year = {2015},
	title = {Probability and statistical inference},
	edition = {Ninth edition..},
	language = {eng},
	author = {Hogg, Robert V.},
	keywords = {Probabilities; Mathematical statistics; Statistics; Probabilities; Sampling (Statistics); Combinations; Mathematics; Chance; Least squares; Mathematical statistics; Risk},
	lccn = {2014451467},
}

@misc{pennu,
	author    = "{Penn State University}",
	title     = "STAT 414 / 415 Probability Theory and Mathematical Statistics --- Finding Moments",
	url       = "https://newonlinecourses.science.psu.edu/stat414/node/73/"
}

